<?xml version="1.0" encoding="UTF-8"?><collection xmlns="http://www.loc.gov/MARC21/slim"><record><leader>00366nam--2200121-i-4500</leader><controlfield tag="001">000016525</controlfield><controlfield tag="002">20161230</controlfield><controlfield tag="005">20161230201031</controlfield><controlfield tag="008">060222s1000------------r-----000-0-eng-d</controlfield><datafield ind1=" " ind2=" " tag="080"><subfield code="a">530.1(083.8)</subfield></datafield><datafield ind1=" " ind2=" " tag="245"><subfield code="a">Abstracts of recent papers issued at s. ph. t. 1995 : octobre-december</subfield></datafield><datafield ind1=" " ind2=" " tag="260"><subfield code="a">Gif-sur-yvette, Commissariat A L Energie Ato- Mique, 1995 45 P</subfield></datafield><datafield ind1=" " ind2=" " tag="852"><subfield code="a">D1432</subfield></datafield></record></collection>